@Book{xie2015,
  title = {Dynamic Documents with {R} and knitr},
  author = {Yihui Xie},
  publisher = {Chapman and Hall/CRC},
  address = {Boca Raton, Florida},
  year = {2015},
  edition = {2nd},
  note = {ISBN 978-1498716963},
  url = {http://yihui.org/knitr/},
}
@Book{xie2015,
  title = {Dynamic Documents with {R} and knitr},
  author = {Yihui Xie},
  publisher = {Chapman and Hall/CRC},
  address = {Boca Raton, Florida},
  year = {2015},
  edition = {2nd},
  note = {ISBN 978-1498716963},
  url = {http://yihui.org/knitr/},
}
@misc{tidytuesday,
  title = {TidyTuesday: A weekly data project aimed at improving data wrangling and visualization skills},
  author = {{R for Data Science Online Learning Community}},
  year = {2024},
  url = {https://github.com/rfordatascience/tidytuesday},
  note = {Accessed: 2024-11-17}
}
@misc{demographics_dataset,
  title = {Demographics Dataset},
  author = {{TidyTuesday Project}},
  year = {2023},
  url = {https://raw.githubusercontent.com/rfordatascience/tidytuesday/master/data/2023/2023-09-05/demographics.csv},
  note = {Includes information on union membership, employment, and demographic segmentation from 1973 to 2022. Accessed: 2024-11-17.}
}

@misc{wages_dataset,
  title = {Wages Dataset},
  author = {{TidyTuesday Project}},
  year = {2023},
  url = {https://raw.githubusercontent.com/rfordatascience/tidytuesday/master/data/2023/2023-09-05/wages.csv},
  note = {Provides data on union and nonunion wages, wage caps, and wage premiums. Accessed: 2024-11-17.}
}

@misc{states_dataset,
  title = {States Dataset},
  author = {{TidyTuesday Project}},
  year = {2023},
  url = {https://raw.githubusercontent.com/rfordatascience/tidytuesday/master/data/2023/2023-09-05/states.csv},
  note = {Offers a detailed state-level breakdown of union membership and employment metrics. Accessed: 2024-11-17.}
}
@manual{datatable_package,
  title = {data.table: Extension of `data.frame` for Fast Indexing, Filtering, and Aggregation},
  author = {Matt Dowle and Arun Srinivasan and others},
  year = {2024},
  url = {https://CRAN.R-project.org/package=data.table},
  note = {Efficient data manipulation and aggregation, particularly for large datasets.}
}

@manual{ggplot2_package,
  title = {ggplot2: Elegant Graphics for Data Analysis},
  author = {Hadley Wickham and others},
  year = {2024},
  url = {https://CRAN.R-project.org/package=ggplot2},
  note = {Used for creating versatile and highly customizable plots.}
}

@manual{dplyr_package,
  title = {dplyr: A Grammar of Data Manipulation},
  author = {Hadley Wickham and others},
  year = {2024},
  url = {https://CRAN.R-project.org/package=dplyr},
  note = {Streamlined data wrangling tasks with intuitive syntax.}
}
@book{state_of_working_america,
  title = {The State of Working America},
  author = {{Economic Policy Institute}},
  year = {2020},
  publisher = {Economic Policy Institute},
  note = {A comprehensive resource for understanding labor market trends in the U.S., including union membership and wage disparities.}
}

@book{borjas_labor_economics,
  title = {Labor Economics},
  author = {George J. Borjas},
  year = {2019},
  edition = {8th},
  publisher = {McGraw-Hill Education},
  note = {Provides a detailed introduction to labor economics, including the impact of unions on wages and employment.}
}
@Manual{R-base,
  title        = {R: A Language and Environment for Statistical Computing},
  author       = {{R Core Team}},
  organization = {R Foundation for Statistical Computing},
  address      = {Vienna, Austria},
  year         = 2024,
  url          = {https://www.r-project.org/}
}

@Manual{Rstudio,
  title        = {RStudio: Integrated Development Environment for R},
  author       = {{RStudio Team}},
  organization = {RStudio, PBC},
  address      = {Boston, MA},
  year         = 2024,
  url          = {https://posit.co/products/open-source/rstudio/}
}

@Book{Bookdown,
  title     = {Bookdown: Authoring Books and Technical Documents with R Markdown},
  author    = {Yihui Xie},
  publisher = {Chapman; Hall/CRC},
  year      = 2024,
  edition   = {2nd},
  note      = {ISBN 9780367142568},
  url       = {https://bookdown.org/yihui/bookdown/}
}

@Manual{TinyTeX,
  title        = {TinyTeX: A Lightweight, Cross-Platform, and User-Friendly LaTeX Distribution},
  author       = {Yihui Xie},
  year         = 2024,
  url          = {https://yihui.org/tinytex/}
}

@Manual{TeXLive,
  title        = {TeX Live: A Comprehensive LaTeX Distribution},
  author       = {{TeX Users Group}},
  year         = 2024,
  url          = {https://www.tug.org/texlive/}
}

@Manual{MikTeX,
  title        = {MikTeX: A Modern LaTeX Distribution},
  author       = {{MikTeX Project}},
  year         = 2024,
  url          = {https://miktex.org/}
}

@Manual{MacTeX,
  title        = {MacTeX: TeX Live Distribution Tailored for macOS},
  author       = {{TeX Users Group}},
  year         = 2024,
  url          = {https://www.tug.org/mactex/}
}

@Manual{ProTeXt,
  title        = {ProTeXt: A LaTeX Distribution for Windows Users},
  author       = {{TeX Users Group}},
  year         = 2024,
  url          = {https://www.tug.org/protext/}
}
